%% This BibTeX bibliography file was created using BibDesk.
%% http://bibdesk.sourceforge.net/

%% Created for Mikolaj Bojanczyk at 2017-04-15 15:40:31 +0200 


%% Saved with string encoding Unicode (UTF-8) 

@inproceedings{sipser-halting,
  author    = {Sipser, Michael},
  booktitle = {19th Annual Symposium on Foundations of Computer Science},
  title     = {Halting space-bounded computations},
  year      = {1978},
  volume    = {},
  number    = {},
  pages     = {73-74},
  keywords  = {Turing machines;Automata;Magnetic heads;Computer science;Tree graphs;Computational modeling},
  doi       = {10.1109/SFCS.1978.18}
}



@article{reingold2008undirected,
  author     = {Reingold, Omer},
  title      = {Undirected connectivity in log-space},
  year       = {2008},
  issue_date = {September 2008},
  publisher  = {Association for Computing Machinery},
  address    = {New York, NY, USA},
  volume     = {55},
  number     = {4},
  issn       = {0004-5411},
  url        = {https://doi.org/10.1145/1391289.1391291},
  doi        = {10.1145/1391289.1391291},
  abstract   = {We present a deterministic, log-space algorithm that solves st-connectivity in undirected graphs. The previous bound on the space complexity of undirected st-connectivity was log4/3(⋅) obtained by Armoni, Ta-Shma, Wigderson and Zhou (JACM 2000). As undirected st-connectivity is complete for the class of problems solvable by symmetric, nondeterministic, log-space computations (the class SL), this algorithm implies that SL = L (where L is the class of problems solvable by deterministic log-space computations). Independent of our work (and using different techniques), Trifonov (STOC 2005) has presented an O(log n log log n)-space, deterministic algorithm for undirected st-connectivity.Our algorithm also implies a way to construct in log-space a fixed sequence of directions that guides a deterministic walk through all of the vertices of any connected graph. Specifically, we give log-space constructible universal-traversal sequences for graphs with restricted labeling and log-space constructible universal-exploration sequences for general graphs.},
  journal    = {J. ACM},
  month      = sep,
  articleno  = {17},
  numpages   = {24},
  keywords   = {Derandomization, bounded space algorithms, pseudorandom generator}
}

@incollection{rossman_choiceless_2010,
  address   = {Berlin, Heidelberg},
  series    = {Lecture {Notes} in {Computer} {Science}},
  title     = {Choiceless {Computation} and {Symmetry}},
  isbn      = {978-3-642-15025-8},
  url       = {https://doi.org/10.1007/978-3-642-15025-8_28},
  abstract  = {Many natural problems in computer science concern structures like graphs where elements are not inherently ordered. In contrast, Turing machines and other common models of computation operate on strings. While graphs may be encoded as strings (via an adjacency matrix), the encoding imposes a linear order on vertices. This enables a Turing machine operating on encodings of graphs to choose an arbitrary element from any nonempty set of vertices at low cost (the Augmenting Paths algorithm for Bipartite Matching being an example of the power of choice). However, the outcome of a computation is liable to depend on the external linear order (i.e., the choice of encoding). Moreover, isomorphism-invariance/encoding-independence is an undecidable property of Turing machines. This trouble with encodings led Blass, Gurevich and Shelah [3] to propose a model of computation known as BGS machines that operate directly on structures. BGS machines preserve symmetry at every step in a computation, sacrificing the ability to make arbitrary choices between indistinguishable elements of the input structure (hence “choiceless computation”). Blass et al. also introduced a complexity class CPT+C (Choiceless Polynomial Time with Counting) defined in terms of polynomially bounded BGS machines. While every property finite structures in CPT+C is polynomial-time computable in the usual sense, it is open whether conversely every isomorphism-invariant property in P belongs to CPT+C. In this paper we give evidence that CPT+C ≠ P by proving the separation of the corresponding classes of function problems. Specifically, we show that there is an isomorphism-invariant polynomial-time computable function problem on finite vector spaces (“given a finite vector space V, output the set of hyperplanes in V”) that is not computable by any CPT+C program. In addition, we give a new simplified proof of the Support Theorem, which is a key step in the result of [3] that a weak version of CPT+C absent counting cannot decide the parity of sets.},
  language  = {en},
  urldate   = {2019-04-29},
  booktitle = {Fields of {Logic} and {Computation}: {Essays} {Dedicated} to {Yuri} {Gurevich} on the {Occasion} of {His} 70th {Birthday}},
  publisher = {Springer Berlin Heidelberg},
  author    = {Rossman, Benjamin},
  editor    = {Blass, Andreas and Dershowitz, Nachum and Reisig, Wolfgang},
  year      = {2010},
  doi       = {10.1007/978-3-642-15025-8_28},
  keywords  = {choiceless polynomial time, descriptive complexity, finite model theory},
  pages     = {565--580},
  file      = {Springer Full Text PDF:/Users/bojan/Zotero/storage/CMY3E7E4/Rossman - 2010 - Choiceless Computation and Symmetry.pdf:application/pdf}
}

@inproceedings{bojanczyk_computability_2018,
  title     = {On computability and tractability for infinite sets},
  doi       = {10.1145/3209108.3209190},
  booktitle = {Proceedings of the 33rd {Annual} {ACM}/{IEEE} {Symposium} on {Logic} in {Computer} {Science}, {LICS} 2018, {Oxford}, {UK}, {July} 9--12, 2018},
  publisher = {ACM},
  author    = {Boja\'nczyk, Miko{\l}aj and Toru\'nczyk, Szymon},
  editor    = {Dawar, Anuj and Gr\"adel, Erich},
  year      = {2018},
  pages     = {145--154}
}

@book{courcelleGraphStructureMonadic2012,
  series    = {Encyclopedia of Mathematics and Its Applications},
  title     = {Graph {{Structure}} and {{Monadic Second}}-{{Order Logic}} - {{A Language}}-{{Theoretic Approach}}},
  volume    = {138},
  isbn      = {978-0-521-89833-1},
  publisher = {{Cambridge University Press}},
  author    = {Courcelle, Bruno and Engelfriet, Joost},
  year      = {2012},
  file      = {/Users/bojan/Zotero/storage/SRSMIDDE/Courcelle Engelfriet.pdf}
}




@article{robertsonGraphMinorsExcluding1983,
  title   = {Graph Minors. {{I}}. {{Excluding}} a Forest},
  volume  = {35},
  issn    = {0095-8956},
  doi     = {10.1016/0095-8956(83)90079-5},
  number  = {1},
  journal = {Journal of Combinatorial Theory, Series B},
  author  = {Robertson, Neil and Seymour, P. D.},
  month   = aug,
  year    = {1983},
  pages   = {39--61},
  file    = {/Users/bojan/Zotero/storage/3PQY2XBE/Robertson and Seymour - 1983 - Graph minors. I. Excluding a forest.pdf;/Users/bojan/Zotero/storage/EW2BJGHK/0095895683900795.html}
}


@inproceedings{clementeReachabilityAnalysisFirstorder2015,
  author    = {Lorenzo Clemente and
               Slawomir Lasota},
  editor    = {Stephan Kreutzer},
  title     = {Reachability Analysis of First-order Definable Pushdown Systems},
  booktitle = {24th {EACSL} Annual Conference on Computer Science Logic, {CSL} 2015,
               September 7-10, 2015, Berlin, Germany},
  series    = {LIPIcs},
  volume    = {41},
  pages     = {244--259},
  publisher = {Schloss Dagstuhl - Leibniz-Zentrum f{\"{u}}r Informatik},
  year      = {2015},
  url       = {https://doi.org/10.4230/LIPIcs.CSL.2015.244},
  doi       = {10.4230/LIPICS.CSL.2015.244},
  timestamp = {Tue, 11 Feb 2020 15:52:14 +0100},
  biburl    = {https://dblp.org/rec/conf/csl/ClementeL15.bib},
  bibsource = {dblp computer science bibliography, https://dblp.org}
}










@incollection{sep-axiom-choice,
  author       = {Bell, John L.},
  title        = {The Axiom of Choice},
  booktitle    = {The Stanford Encyclopedia of Philosophy},
  editor       = {Edward N. Zalta},
  howpublished = {\url{https://plato.stanford.edu/archives/spr2019/entries/axiom-choice/}},
  year         = {2019},
  edition      = {Spring 2019},
  publisher    = {Metaphysics Research Lab, Stanford University}
}



@article{manuel_walking_2016,
  title   = {Walking on {Data} {Words}},
  volume  = {59},
  doi     = {10.1007/s00224-014-9603-3},
  number  = {2},
  journal = {Theory of Computing Systems},
  author  = {Manuel, Amaldev and Muscholl, Anca and Puppis, Gabriele},
  year    = {2016},
  pages   = {180--208}
}


@inproceedings{klin2017modal,
  author       = {Klin, Bartek and Lelyk, Mateusz},
  booktitle    = {26th EACSL Annual Conference on Computer Science Logic (CSL 2017)},
  organization = {Schloss Dagstuhl--Leibniz-Zentrum f{\"u}r Informatik},
  pages        = {30:1--30:21},
  title        = {Modal mu-calculus with atoms},
  year         = {2017}
}


@article{colcombet_textdollarmutextdollar-calculus_2014,
  title   = {$\mu$-Calculus on Data Words},
  volume  = {abs/1404.4827},
  url     = {http://arxiv.org/abs/1404.4827},
  urldate = {2019-04-02},
  journal = {CoRR},
  author  = {Colcombet, Thomas and Manuel, Amaldev},
  year    = {2014}
}

@inproceedings{lasota_wqo_2018,
  title     = {{WQO} Dichotomy for 3-Graphs},
  volume    = {10803},
  series    = {Lecture Notes in Computer Science},
  pages     = {548--564},
  booktitle = {{FoSSaCS}},
  publisher = {Springer},
  author    = {Lasota, S{\l}awomir and Pi{\'o}rkowski, Rados{\l}aw},
  year      = {2018}
}

@article{alur_theory_1994,
  title        = {A theory of timed automata},
  volume       = {126},
  issn         = {03043975},
  url          = {http://linkinghub.elsevier.com/retrieve/pii/0304397594900108},
  doi          = {10.1016/0304-3975(94)90010-8},
  pages        = {183--235},
  number       = {2},
  journaltitle = {Theoretical Computer Science},
  author       = {Alur, Rajeev and Dill, David L.},
  urldate      = {2019-03-28},
  year         = {1994},
  langid       = {english},
  file         = {Alur and Dill - 1994 - A theory of timed automata.pdf:/Users/bojan/Zotero/storage/7ZN28FGN/Alur and Dill - 1994 - A theory of timed automata.pdf:application/pdf}
}

@article{czerwinski_reachability_2018,
  title        = {The Reachability Problem for Petri Nets is Not Elementary},
  url          = {http://arxiv.org/abs/1809.07115},
  journaltitle = {{arXiv}:1809.07115 [cs]},
  author       = {Czerwi\'nski, Wojciech and Lasota, S{\l}awomir and Lazi\'c, Ranko and Leroux, J{\'{e}}r{\^{o}}me  and Mazowiecki, Filip},
  urldate      = {2019-03-28},
  year         = {2018},
  eprinttype   = {arxiv},
  eprint       = {1809.07115},
  keywords     = {Computer Science - Formal Languages and Automata Theory, Computer Science - Logic in Computer Science},
  file         = {arXiv\:1809.07115 PDF:/Users/bojan/Zotero/storage/PXDS4NJS/Czerwinski et al. - 2018 - The Reachability Problem for Petri Nets is Not Ele.pdf:application/pdf;arXiv.org Snapshot:/Users/bojan/Zotero/storage/VDIBGGJ8/1809.html:text/html}
}


@article{leroux_reachability_2019,
  title        = {Reachability in Vector Addition Systems is Primitive-Recursive in Fixed Dimension},
  url          = {http://arxiv.org/abs/1903.08575},
  journaltitle = {{arXiv}:1903.08575 [cs]},
  author       = {Leroux, J{\'{e}}r{\^{o}}me and Schmitz, Sylvain},
  urldate      = {2019-03-28},
  year         = {2019},
  eprinttype   = {arxiv},
  eprint       = {1903.08575},
  keywords     = {Computer Science - Logic in Computer Science},
  file         = {arXiv\:1903.08575 PDF:/Users/bojan/Zotero/storage/4RH5JMJ9/Leroux and Schmitz - 2019 - Reachability in Vector Addition Systems is Primiti.pdf:application/pdf;arXiv.org Snapshot:/Users/bojan/Zotero/storage/YPESCHRF/1903.html:text/html}
}
@article{scott_decision_1962,
  title   = {A decision method for validity of sentences in two variables},
  volume  = {27},
  number  = {377},
  journal = {Journal of Symbolic Logic},
  author  = {Scott, Dana},
  year    = {1962},
  pages   = {74}
}


@article{bojanczyk_two-variable_2011,
  title        = {Two-variable logic on data words},
  volume       = {12},
  doi          = {10.1145/1970398.1970403},
  pages        = {27:1--27:26},
  number       = {4},
  journaltitle = {{ACM} Transactions on Computational Logic},
  author       = {Boja\'nczyk, Miko{\l}aj and David, Claire and Muscholl, Anca and Schwentick, Thomas and Segoufin, Luc},
  year         = {2011}
}

@incollection{DBLP:reference/hfl/Thomas97,
  author    = {Wolfgang Thomas},
  title     = {Languages, Automata, and Logic},
  booktitle = {Handbook of Formal Languages, Volume 3: Beyond Words.},
  pages     = {389--455},
  year      = {1997},
  url       = {https://doi.org/10.1007/978-3-642-59126-6\_7},
  doi       = {10.1007/978-3-642-59126-6\_7},
  timestamp = {Sun, 25 Nov 2018 14:05:44 +0100},
  biburl    = {https://dblp.org/rec/bib/reference/hfl/Thomas97},
  bibsource = {dblp computer science bibliography, https://dblp.org}
}

@inproceedings{grohe2008quest,
  title        = {The quest for a logic capturing PTIME},
  author       = {Grohe, Martin},
  booktitle    = {Logic in Computer Science, 2008. LICS'08. 23rd Annual IEEE Symposium on},
  pages        = {267--271},
  year         = {2008},
  organization = {IEEE}
}


@inproceedings{klin2015locally,
  title        = {Locally finite constraint satisfaction problems},
  author       = {Klin, Bartek and Kopczy{\'{n}}ski, Eryk and Ochremiak, Joanna and Toru{\'{n}}czyk, Szymon},
  booktitle    = {Proceedings of the 2015 30th Annual ACM/IEEE Symposium on Logic in Computer Science (LICS)},
  pages        = {475--486},
  year         = {2015},
  organization = {IEEE Computer Society}
}


@inproceedings{klin2016homomorphism,
  title        = {Homomorphism problems for first-order definable structures},
  author       = {Klin, Bartek and Lasota, S{\l}awomir and Ochremiak, Joanna and Toru{\'{n}}czyk, Szymon},
  booktitle    = {LIPIcs-Leibniz International Proceedings in Informatics},
  volume       = {65},
  year         = {2016},
  organization = {Schloss Dagstuhl-Leibniz-Zentrum f\"ur Informatik}
}



@inproceedings{presburgerUberVollstandigkeitGewissen1929,
  title     = {\"Uber Die {{Vollst\"andigkeit}} Eines Gewissen {{Systems}} Der {{Arithmetik}} Ganzer {{Zahlen}}, in Welchem Die {{Addition}} Als Einzige {{Operation}} Hervortritt},
  volume    = {129},
  booktitle = {Congr\`es Des Math\'ematiciens Des Pays {{Slaves}}, {{Warszawa}}},
  author    = {Presburger, Moj{\.z}esz},
  year      = {1929},
  pages     = {92--101}
}









@inproceedings{blumensath2000automatic,
  title        = {Automatic structures},
  author       = {Blumensath, Achim and Gradel, Erich},
  booktitle    = {Logic in Computer Science, 2000. Proceedings. 15th Annual IEEE Symposium on},
  pages        = {51--62},
  year         = {2000},
  organization = {IEEE}
}


@article{engeler1959characterization,
  title   = {A characterization of theories with isomorphic denumerable models},
  author  = {Engeler, ERWIN},
  journal = {Notices of the American Mathematical Society},
  volume  = {6},
  pages   = {161},
  year    = {1959}
}


@article{ryll1959categoricity,
  title   = {On the categoricity in power $\leq \aleph_0$},
  author  = {Ryll-Nardzewski, Czes{\l}aw},
  journal = {Bull. Acad. Polon. Sci. S{\'e}r. Sci. Math. Astr. Phys},
  volume  = {7},
  pages   = {545--548},
  year    = {1959}
}


@article{svenonius1959no,
  title     = {No-categoricity in first-order predicate calculus 1},
  author    = {Svenonius, Lars},
  journal   = {Theoria},
  volume    = {25},
  number    = {2},
  pages     = {82--94},
  year      = {1959},
  publisher = {Wiley Online Library}
}


@unpublished{schmitz:cel-00727025,
  title       = {{Algorithmic Aspects of WQO Theory}},
  author      = {Schmitz, Sylvain and Schnoebelen, Philippe},
  url         = {https://cel.archives-ouvertes.fr/cel-00727025},
  note        = {Lecture},
  type        = {Master},
  address     = {France},
  year        = {2012},
  month       = Aug,
  pdf         = {https://cel.archives-ouvertes.fr/cel-00727025/file/lecturenotes.pdf},
  hal_id      = {cel-00727025},
  hal_version = {v2}
}

@proceedings{DBLP:conf/mfcs/2014-1,
  bibsource     = {dblp computer science bibliography, http://dblp.org},
  biburl        = {http://dblp.uni-trier.de/rec/bib/conf/mfcs/2014-1},
  date-added    = {2017-04-15 13:39:58 +0000},
  date-modified = {2017-04-15 13:39:58 +0000},
  doi           = {10.1007/978-3-662-44522-8},
  editor        = {Erzs{\'{e}}bet Csuhaj{-}Varj{\'{u}} and Martin Dietzfelbinger and Zolt{\'{a}}n {\'{E}}sik},
  isbn          = {978-3-662-44521-1},
  publisher     = {Springer},
  series        = {Lecture Notes in Computer Science},
  timestamp     = {Wed, 29 Mar 2017 16:45:26 +0200},
  title         = {Mathematical Foundations of Computer Science 2014 - 39th International Symposium, {MFCS} 2014, Budapest, Hungary, August 25-29, 2014. Proceedings, Part {I}},
  url           = {http://dx.doi.org/10.1007/978-3-662-44522-8},
  volume        = {8634},
  year          = {2014},
  bdsk-url-1    = {http://dx.doi.org/10.1007/978-3-662-44522-8}
}

@inproceedings{DBLP:conf/mfcs/MurawskiRT14,
  author        = {Andrzej Murawski and Steven  Ramsay and Nikos Tzevelekos},
  bibsource     = {dblp computer science bibliography, http://dblp.org},
  biburl        = {http://dblp.uni-trier.de/rec/bib/conf/mfcs/MurawskiRT14},
  booktitle     = {Mathematical Foundations of Computer Science 2014 - 39th International Symposium, {MFCS} 2014, Budapest, Hungary, August 25-29, 2014. Proceedings, Part {I}},
  date-added    = {2017-04-15 13:39:58 +0000},
  date-modified = {2017-04-15 13:39:58 +0000},
  doi           = {10.1007/978-3-662-44522-8_39},
  pages         = {464--473},
  timestamp     = {Wed, 29 Mar 2017 16:45:26 +0200},
  title         = {Reachability in Pushdown Register Automata},
  url           = {http://dx.doi.org/10.1007/978-3-662-44522-8_39},
  year          = {2014},
  bdsk-url-1    = {http://dx.doi.org/10.1007/978-3-662-44522-8_39}
}

@article{DBLP:journals/acta/ChengK98,
  author        = {Edward Y. C. Cheng and Michael Kaminski},
  bibsource     = {dblp computer science bibliography, http://dblp.org},
  biburl        = {http://dblp2.uni-trier.de/rec/bib/journals/acta/ChengK98},
  date-added    = {2017-04-15 06:01:41 +0000},
  date-modified = {2017-04-15 06:01:41 +0000},
  journal       = {Acta Informatica},
  number        = {3},
  pages         = {245--267},
  timestamp     = {Tue, 25 Nov 2003 14:51:18 +0100},
  title         = {Context-Free Languages over Infinite Alphabets},
  url           = {http://link.springer.de/link/service/journals/00236/bibs/8035003/80350245.htm},
  volume        = {35},
  year          = {1998},
  bdsk-url-1    = {http://link.springer.de/link/service/journals/00236/bibs/8035003/80350245.htm}
}

@proceedings{DBLP:conf/csl/2015,
  bibsource     = {dblp computer science bibliography, http://dblp.org},
  biburl        = {http://dblp2.uni-trier.de/rec/bib/conf/csl/2015},
  date-added    = {2017-04-15 05:55:03 +0000},
  date-modified = {2017-04-15 05:55:03 +0000},
  editor        = {Stephan Kreutzer},
  isbn          = {978-3-939897-90-3},
  publisher     = {Schloss Dagstuhl - Leibniz-Zentrum fuer Informatik},
  series        = {LIPIcs},
  timestamp     = {Mon, 14 Sep 2015 16:03:03 +0200},
  title         = {24th {EACSL} Annual Conference on Computer Science Logic, {CSL} 2015, September 7-10, 2015, Berlin, Germany},
  url           = {http://www.dagstuhl.de/dagpub/978-3-939897-90-3},
  volume        = {41},
  year          = {2015},
  bdsk-url-1    = {http://www.dagstuhl.de/dagpub/978-3-939897-90-3}
}

@inproceedings{DBLP:conf/csl/ClementeL15,
  author        = {Lorenzo Clemente and S{\l}awomir Lasota},
  bibsource     = {dblp computer science bibliography, http://dblp.org},
  biburl        = {http://dblp2.uni-trier.de/rec/bib/conf/csl/ClementeL15},
  booktitle     = {24th {EACSL} Annual Conference on Computer Science Logic, {CSL} 2015, September 7-10, 2015, Berlin, Germany},
  date-added    = {2017-04-15 05:55:03 +0000},
  date-modified = {2017-04-15 05:55:03 +0000},
  doi           = {10.4230/LIPIcs.CSL.2015.244},
  pages         = {244--259},
  timestamp     = {Mon, 14 Sep 2015 16:03:03 +0200},
  title         = {Reachability Analysis of First-order Definable Pushdown Systems},
  url           = {http://dx.doi.org/10.4230/LIPIcs.CSL.2015.244},
  year          = {2015},
  bdsk-url-1    = {http://dx.doi.org/10.4230/LIPIcs.CSL.2015.244}
}

@inproceedings{DBLP:conf/lics/ClementeL15,
  author        = {Lorenzo Clemente and S{\l}awomir Lasota},
  bibsource     = {dblp computer science bibliography, http://dblp.org},
  biburl        = {http://dblp2.uni-trier.de/rec/bib/conf/lics/ClementeL15},
  booktitle     = {30th Annual {ACM/IEEE} Symposium on Logic in Computer Science, {LICS} 2015, Kyoto, Japan, July 6--10, 2015},
  date-added    = {2017-04-15 05:54:55 +0000},
  date-modified = {2017-04-15 05:54:55 +0000},
  doi           = {10.1109/LICS.2015.73},
  pages         = {738--749},
  timestamp     = {Wed, 25 May 2016 10:19:57 +0200},
  title         = {Timed Pushdown Automata Revisited},
  url           = {http://dx.doi.org/10.1109/LICS.2015.73},
  year          = {2015},
  bdsk-url-1    = {http://dx.doi.org/10.1109/LICS.2015.73}
}

@proceedings{DBLP:conf/icalp/2012-2,
  bibsource     = {dblp computer science bibliography, http://dblp.org},
  biburl        = {http://dblp2.uni-trier.de/rec/bib/conf/icalp/2012-2},
  date-added    = {2017-04-15 05:41:55 +0000},
  date-modified = {2017-04-15 05:41:55 +0000},
  doi           = {10.1007/978-3-642-31585-5},
  editor        = {Artur Czumaj and Kurt Mehlhorn and Andrew M. Pitts and Roger Wattenhofer},
  isbn          = {978-3-642-31584-8},
  publisher     = {Springer},
  series        = {Lecture Notes in Computer Science},
  timestamp     = {Tue, 03 Jul 2012 08:00:29 +0200},
  title         = {Automata, Languages, and Programming - 39th International Colloquium, {ICALP} 2012, Warwick, UK, July 9--13, 2012, Proceedings, Part {II}},
  url           = {http://dx.doi.org/10.1007/978-3-642-31585-5},
  volume        = {7392},
  year          = {2012},
  bdsk-url-1    = {http://dx.doi.org/10.1007/978-3-642-31585-5}
}

@inproceedings{DBLP:conf/icalp/BojanczykL12,
  author        = {Miko{\l}aj Boja{\'{n}}czyk and S{\l}awomir Lasota},
  bibsource     = {dblp computer science bibliography, http://dblp.org},
  biburl        = {http://dblp2.uni-trier.de/rec/bib/conf/icalp/BojanczykL12},
  booktitle     = {Automata, Languages, and Programming - 39th International Colloquium, {ICALP} 2012, Warwick, UK, July 9--13, 2012, Proceedings, Part {II}},
  date-added    = {2017-04-15 05:41:55 +0000},
  date-modified = {2017-04-15 05:41:55 +0000},
  doi           = {10.1007/978-3-642-31585-5_12},
  pages         = {92--103},
  timestamp     = {Tue, 03 Jul 2012 08:00:58 +0200},
  title         = {A Machine-Independent Characterization of Timed Languages},
  url           = {http://dx.doi.org/10.1007/978-3-642-31585-5_12},
  year          = {2012},
  bdsk-url-1    = {http://dx.doi.org/10.1007/978-3-642-31585-5_12}
}

@inproceedings{DBLP:conf/popl/MoermanS0KS17,
  author        = {Joshua Moerman and Matteo Sammartino and Alexandra Silva and Bartek Klin and Michal Szynwelski},
  bibsource     = {dblp computer science bibliography, http://dblp.org},
  biburl        = {http://dblp.uni-trier.de/rec/bib/conf/popl/MoermanS0KS17},
  booktitle     = {Proceedings of the 44th {ACM} {SIGPLAN} Symposium on Principles of Programming Languages, {POPL} 2017, Paris, France, January 18-20, 2017},
  date-added    = {2017-04-14 15:17:52 +0000},
  date-modified = {2017-04-14 15:17:52 +0000},
  pages         = {613--625},
  timestamp     = {Wed, 28 Dec 2016 13:22:29 +0100},
  title         = {Learning nominal automata},
  url           = {http://dl.acm.org/citation.cfm?id=3009879},
  year          = {2017},
  bdsk-url-1    = {http://dl.acm.org/citation.cfm?id=3009879}
}

@proceedings{DBLP:conf/popl/2017,
  bibsource     = {dblp computer science bibliography, http://dblp.org},
  biburl        = {http://dblp.uni-trier.de/rec/bib/conf/popl/2017},
  date-added    = {2017-04-14 15:17:52 +0000},
  date-modified = {2017-04-14 15:17:52 +0000},
  doi           = {10.1145/3009837},
  editor        = {Giuseppe Castagna and Andrew D. Gordon},
  isbn          = {978-1-4503-4660-3},
  publisher     = {{ACM}},
  timestamp     = {Wed, 28 Dec 2016 13:17:00 +0100},
  title         = {Proceedings of the 44th {ACM} {SIGPLAN} Symposium on Principles of Programming Languages, {POPL} 2017, Paris, France, January 18-20, 2017},
  url           = {http://doi.acm.org/10.1145/3009837},
  year          = {2017},
  bdsk-url-1    = {http://doi.acm.org/10.1145/3009837},
  bdsk-url-2    = {http://dx.doi.org/10.1145/3009837}
}

@inproceedings{DBLP:conf/cade/KopczynskiT16,
  author        = {Eryk Kopczy{\'{n}}ski and Szymon Toru{\'{n}}czyk},
  bibsource     = {dblp computer science bibliography, http://dblp.org},
  biburl        = {http://dblp.uni-trier.de/rec/bib/conf/cade/KopczynskiT16},
  booktitle     = {Proceedings of the 14th International Workshop on Satisfiability Modulo Theories affiliated with the International Joint Conference on Automated Reasoning, SMT@IJCAR 2016, Coimbra, Portugal, July 1--2, 2016.},
  date-added    = {2017-04-14 15:03:23 +0000},
  date-modified = {2017-04-14 15:03:23 +0000},
  pages         = {51--60},
  timestamp     = {Mon, 18 Jul 2016 14:39:46 +0200},
  title         = {{LOIS:} an Application of {SMT} Solvers},
  url           = {http://ceur-ws.org/Vol-1617/paper5.pdf},
  year          = {2016},
  bdsk-url-1    = {http://ceur-ws.org/Vol-1617/paper5.pdf}
}

@proceedings{DBLP:conf/cade/2016smt,
  bibsource     = {dblp computer science bibliography, http://dblp.org},
  biburl        = {http://dblp.uni-trier.de/rec/bib/conf/cade/2016smt},
  date-added    = {2017-04-14 15:03:23 +0000},
  date-modified = {2017-04-14 15:03:23 +0000},
  editor        = {Tim King and Ruzica Piskac},
  publisher     = {CEUR-WS.org},
  series        = {{CEUR} Workshop Proceedings},
  timestamp     = {Mon, 18 Jul 2016 14:39:21 +0200},
  title         = {Proceedings of the 14th International Workshop on Satisfiability Modulo Theories affiliated with the International Joint Conference on Automated Reasoning, SMT@IJCAR 2016, Coimbra, Portugal, July 1--2, 2016},
  url           = {http://ceur-ws.org/Vol-1617},
  urn           = {urn:nbn:de:0074-1617-8},
  volume        = {1617},
  year          = {2016},
  bdsk-url-1    = {http://ceur-ws.org/Vol-1617}
}

@inproceedings{DBLP:conf/popl/KopczynskiT17,
  author        = {Eryk Kopczy\'nski and Szymon Toru{\'{n}}czyk},
  bibsource     = {dblp computer science bibliography, http://dblp.org},
  biburl        = {http://dblp.uni-trier.de/rec/bib/conf/popl/KopczynskiT17},
  booktitle     = {Proceedings of the 44th {ACM} {SIGPLAN} Symposium on Principles of Programming Languages, {POPL} 2017, Paris, France, January 18-20, 2017},
  date-added    = {2017-04-14 15:02:30 +0000},
  date-modified = {2017-04-14 15:02:30 +0000},
  pages         = {586--598},
  timestamp     = {Wed, 28 Dec 2016 13:22:29 +0100},
  title         = {{LOIS:} syntax and semantics},
  url           = {http://dl.acm.org/citation.cfm?id=3009876},
  year          = {2017},
  bdsk-url-1    = {http://dl.acm.org/citation.cfm?id=3009876}
}

@inproceedings{DBLP:conf/fsttcs/BojanczykT12,
  author        = {Miko{\l}aj Boja{\'{n}}czyk and Szymon Toru{\'{n}}czyk},
  bibsource     = {dblp computer science bibliography, http://dblp.org},
  biburl        = {http://dblp2.uni-trier.de/rec/bib/conf/fsttcs/BojanczykT12},
  booktitle     = {{IARCS} Annual Conference on Foundations of Software Technology and Theoretical Computer Science, {FSTTCS} 2012, December 15-17, 2012, Hyderabad, India},
  date-added    = {2017-04-14 14:59:43 +0000},
  date-modified = {2017-04-14 14:59:43 +0000},
  doi           = {10.4230/LIPIcs.FSTTCS.2012.4},
  pages         = {4--15},
  timestamp     = {Wed, 29 Mar 2017 16:45:26 +0200},
  title         = {Imperative Programming in Sets with Atoms},
  url           = {http://dx.doi.org/10.4230/LIPIcs.FSTTCS.2012.4},
  year          = {2012},
  bdsk-url-1    = {http://dx.doi.org/10.4230/LIPIcs.FSTTCS.2012.4}
}


@incollection{DBLP:books/el/leeuwen90/Thomas90,
  author    = {Thomas, Wolfgang},
  booktitle = {Handbook of Theoretical Computer Science},
  editor    = {J. van Leeuwen},
  pages     = {135--191},
  publisher = {Elsevier},
  title     = {Automata on infinite objects},
  volume    = {vol. B, Formal models and semantics},
  year      = 1990
}

@proceedings{DBLP:conf/pods/2013,
  bibsource     = {dblp computer science bibliography, http://dblp.org},
  biburl        = {http://dblp2.uni-trier.de/rec/bib/conf/pods/2013},
  date-added    = {2017-04-13 15:48:58 +0000},
  date-modified = {2017-04-13 15:48:58 +0000},
  editor        = {Richard Hull and Wenfei Fan},
  isbn          = {978-1-4503-2066-5},
  publisher     = {{ACM}},
  timestamp     = {Wed, 26 Jun 2013 09:51:14 +0200},
  title         = {Proceedings of the 32nd {ACM} {SIGMOD-SIGACT-SIGART} Symposium on Principles of Database Systems, {PODS} 2013, New York, NY, {USA} - June 22 - 27, 2013},
  url           = {http://dl.acm.org/citation.cfm?id=2463664},
  year          = {2013},
  bdsk-url-1    = {http://dl.acm.org/citation.cfm?id=2463664}
}

@inproceedings{DBLP:conf/pods/BojanczykST13,
  author        = {Miko{\l}aj Boja{\'{n}}czyk and Luc Segoufin and Szymon Toru{\'{n}}czyk},
  bibsource     = {dblp computer science bibliography, http://dblp.org},
  biburl        = {http://dblp2.uni-trier.de/rec/bib/conf/pods/BojanczykST13},
  booktitle     = {Proceedings of the 32nd {ACM} {SIGMOD-SIGACT-SIGART} Symposium on Principles of Database Systems, {PODS} 2013, New York, NY, {USA} - June 22 - 27, 2013},
  date-added    = {2017-04-13 15:48:58 +0000},
  date-modified = {2017-04-13 15:48:58 +0000},
  doi           = {10.1145/2463664.2465228},
  pages         = {63--74},
  timestamp     = {Wed, 26 Jun 2013 10:00:32 +0200},
  title         = {Verification of database-driven systems via amalgamation},
  url           = {http://doi.acm.org/10.1145/2463664.2465228},
  year          = {2013},
  bdsk-url-1    = {http://doi.acm.org/10.1145/2463664.2465228},
  bdsk-url-2    = {http://dx.doi.org/10.1145/2463664.2465228}
}

@book{hodges1993model,
  author        = {Hodges, Wilfrid},
  date-added    = {2017-04-11 12:23:50 +0000},
  date-modified = {2017-04-11 12:23:50 +0000},
  isbn          = {9780521304429},
  lccn          = {91025082},
  publisher     = {Cambridge University Press},
  series        = {Encyclopedia of Mathematics and its Applications},
  title         = {Model Theory},
  url           = {https://books.google.pl/books?id=Rf6GWut4D30C},
  year          = {1993},
  bdsk-url-1    = {https://books.google.pl/books?id=Rf6GWut4D30C}
}

@misc{andreas-dedekind,
  author       = {Andreas Blass},
  title        = {{Power-Dedekind Finiteness}},
  howpublished = {\url{http://www.math.lsa.umich.edu/~ablass/pd-finite.pdf}},
  year         = {2013},
  note         = {[Online; accessed September 6, 2019]}
}


@book{maclanemoerdijk,
  author        = {{Mac Lane}, Saunders and Moerdijk, Ieke},
  date-added    = {2017-04-11 11:48:05 +0000},
  date-modified = {2017-04-11 11:48:05 +0000},
  publisher     = {Springer},
  title         = {Sheaves in geometry and logic: a first introduction to topos theory},
  year          = {1992}
}

@inproceedings{DBLP:conf/tacas/MontanariP99,
  author        = {Ugo Montanari and Marco Pistore},
  bibsource     = {DBLP, http://dblp.uni-trier.de},
  booktitle     = {TACAS},
  date-added    = {2017-04-11 11:35:08 +0000},
  date-modified = {2017-04-11 11:35:08 +0000},
  ee            = {http://dx.doi.org/10.1007/3-540-49059-0_18},
  pages         = {255--269},
  title         = {Finite State Verification for the Asynchronous $\pi$-Calculus},
  year          = {1999}
}

@inproceedings{DBLP:conf/sfm/MontanariP05,
  author        = {Ugo Montanari and Marco Pistore},
  bibsource     = {DBLP, http://dblp.uni-trier.de},
  booktitle     = {SFM},
  date-added    = {2017-04-11 11:35:08 +0000},
  date-modified = {2017-04-11 11:35:08 +0000},
  ee            = {http://dx.doi.org/10.1007/11419822_1},
  pages         = {1--28},
  title         = {History-Dependent Automata: An Introduction},
  year          = {2005}
}

@inbook{Alur2009,
  address       = {Berlin, Heidelberg},
  author        = {Alur, Rajeev and {\v{C}}ern{\'y}, Pavol and Weinstein, Scott},
  booktitle     = {Computer Science Logic: 23rd international Workshop, CSL 2009, 18th Annual Conference of the EACSL, Coimbra, Portugal, September 7-11, 2009. Proceedings},
  date-added    = {2017-04-11 11:24:41 +0000},
  date-modified = {2017-04-11 11:24:41 +0000},
  doi           = {10.1007/978-3-642-04027-6_9},
  editor        = {Gr{\"a}del, Erich and Kahle, Reinhard},
  isbn          = {978-3-642-04027-6},
  pages         = {86--101},
  publisher     = {Springer Berlin Heidelberg},
  title         = {Algorithmic Analysis of Array-Accessing Programs},
  url           = {http://dx.doi.org/10.1007/978-3-642-04027-6_9},
  year          = {2009},
  bdsk-url-1    = {http://dx.doi.org/10.1007/978-3-642-04027-6_9}
}

@proceedings{DBLP:conf/lics/2015,
  bibsource     = {dblp computer science bibliography, http://dblp.org},
  biburl        = {http://dblp.uni-trier.de/rec/bib/conf/lics/2015},
  date-added    = {2017-04-11 11:18:42 +0000},
  date-modified = {2017-04-11 11:18:42 +0000},
  isbn          = {978-1-4799-8875-4},
  publisher     = {{IEEE} Computer Society},
  timestamp     = {Wed, 25 May 2016 10:19:57 +0200},
  title         = {30th Annual {ACM/IEEE} Symposium on Logic in Computer Science, {LICS} 2015, Kyoto, Japan, July 6--10, 2015},
  url           = {http://ieeexplore.ieee.org/xpl/mostRecentIssue.jsp?punumber=7174833},
  year          = {2015},
  bdsk-url-1    = {http://ieeexplore.ieee.org/xpl/mostRecentIssue.jsp?punumber=7174833}
}

@inproceedings{DBLP:conf/lics/MurawskiRT15,
  author        = {Andrzej  Murawski and Steven  Ramsay and Nikos Tzevelekos},
  bibsource     = {dblp computer science bibliography, http://dblp.org},
  biburl        = {http://dblp.uni-trier.de/rec/bib/conf/lics/MurawskiRT15},
  booktitle     = {30th Annual {ACM/IEEE} Symposium on Logic in Computer Science, {LICS} 2015, Kyoto, Japan, July 6--10, 2015},
  date-added    = {2017-04-11 11:18:42 +0000},
  date-modified = {2017-04-11 11:18:42 +0000},
  doi           = {10.1109/LICS.2015.24},
  pages         = {156--167},
  timestamp     = {Wed, 25 May 2016 10:19:57 +0200},
  title         = {Biosimilarity in Fresh-Register Automata},
  url           = {http://dx.doi.org/10.1109/LICS.2015.24},
  year          = {2015},
  bdsk-url-1    = {http://dx.doi.org/10.1109/LICS.2015.24}
}

@proceedings{DBLP:conf/fsttcs/2012,
  bibsource     = {dblp computer science bibliography, http://dblp.org},
  biburl        = {http://dblp2.uni-trier.de/rec/bib/conf/fsttcs/2012},
  date-added    = {2017-04-11 05:47:58 +0000},
  date-modified = {2017-04-11 05:47:58 +0000},
  editor        = {Deepak D'Souza and Telikepalli Kavitha and Jaikumar Radhakrishnan},
  isbn          = {978-3-939897-47-7},
  publisher     = {Schloss Dagstuhl - Leibniz-Zentrum fuer Informatik},
  series        = {LIPIcs},
  timestamp     = {Wed, 29 Mar 2017 16:45:26 +0200},
  title         = {{IARCS} Annual Conference on Foundations of Software Technology and Theoretical Computer Science, {FSTTCS} 2012, December 15-17, 2012, Hyderabad, India},
  url           = {http://drops.dagstuhl.de/portals/extern/index.php?semnr=12014},
  volume        = {18},
  year          = {2012},
  bdsk-url-1    = {http://drops.dagstuhl.de/portals/extern/index.php?semnr=12014}
}

@inproceedings{DBLP:conf/fsttcs/BaranyBFP12,
  author        = {Vince B{\'{a}}r{\'{a}}ny and Miko{\l}aj Boja{\'{n}}czyk and Diego Figueira and Pawel Parys},
  bibsource     = {dblp computer science bibliography, http://dblp.org},
  biburl        = {http://dblp2.uni-trier.de/rec/bib/conf/fsttcs/BaranyBFP12},
  booktitle     = {{IARCS} Annual Conference on Foundations of Software Technology and Theoretical Computer Science, {FSTTCS} 2012, December 15-17, 2012, Hyderabad, India},
  date-added    = {2017-04-11 05:47:58 +0000},
  date-modified = {2017-04-11 05:47:58 +0000},
  doi           = {10.4230/LIPIcs.FSTTCS.2012.99},
  pages         = {99--111},
  timestamp     = {Wed, 29 Mar 2017 16:45:26 +0200},
  title         = {Decidable classes of documents for XPath},
  url           = {http://dx.doi.org/10.4230/LIPIcs.FSTTCS.2012.99},
  year          = {2012},
  bdsk-url-1    = {http://dx.doi.org/10.4230/LIPIcs.FSTTCS.2012.99}
}

@article{DBLP:journals/corr/abs-1201-0597,
  author        = {Miko{\l}aj Boja{\'{n}}czyk and S{\l}awomir Lasota},
  bibsource     = {dblp computer science bibliography, http://dblp.org},
  biburl        = {http://dblp2.uni-trier.de/rec/bib/journals/corr/abs-1201-0597},
  date-added    = {2017-04-11 05:47:27 +0000},
  date-modified = {2017-04-11 05:47:27 +0000},
  doi           = {10.2168/LMCS-8(1:5)2012},
  journal       = {Logical Methods in Computer Science},
  number        = {1},
  timestamp     = {Mon, 15 Oct 2012 13:17:50 +0200},
  title         = {An extension of data automata that captures XPath},
  url           = {http://dx.doi.org/10.2168/LMCS-8(1:5)2012},
  volume        = {8},
  year          = {2012},
  bdsk-url-1    = {http://dx.doi.org/10.2168/LMCS-8(1:5)2012}
}

@proceedings{DBLP:conf/icalp/2016,
  bibsource     = {dblp computer science bibliography, http://dblp.org},
  biburl        = {http://dblp.uni-trier.de/rec/bib/conf/icalp/2016},
  date-added    = {2017-04-11 05:40:00 +0000},
  date-modified = {2017-04-11 05:40:00 +0000},
  editor        = {Ioannis Chatzigiannakis and Michael Mitzenmacher and Yuval Rabani and Davide Sangiorgi},
  isbn          = {978-3-95977-013-2},
  publisher     = {Schloss Dagstuhl - Leibniz-Zentrum fuer Informatik},
  series        = {LIPIcs},
  timestamp     = {Tue, 30 Aug 2016 15:33:07 +0200},
  title         = {43rd International Colloquium on Automata, Languages, and Programming, {ICALP} 2016, July 11--15, 2016, Rome, Italy},
  url           = {http://www.dagstuhl.de/dagpub/978-3-95977-013-2},
  volume        = {55},
  year          = {2016},
  bdsk-url-1    = {http://www.dagstuhl.de/dagpub/978-3-95977-013-2}
}

@inproceedings{DBLP:conf/icalp/GollerHLT16,
  author        = {Stefan G{\"{o}}ller and Christoph Haase and Ranko Lazi{\'c} and Patrick Totzke},
  bibsource     = {dblp computer science bibliography, http://dblp.org},
  biburl        = {http://dblp.uni-trier.de/rec/bib/conf/icalp/GollerHLT16},
  booktitle     = {43rd International Colloquium on Automata, Languages, and Programming, {ICALP} 2016, July 11--15, 2016, Rome, Italy},
  date-added    = {2017-04-11 05:40:00 +0000},
  date-modified = {2017-04-11 05:40:00 +0000},
  doi           = {10.4230/LIPIcs.ICALP.2016.105},
  pages         = {105:1--105:13},
  timestamp     = {Tue, 30 Aug 2016 15:33:07 +0200},
  title         = {A Polynomial-Time Algorithm for Reachability in Branching {VASS} in Dimension One},
  url           = {http://dx.doi.org/10.4230/LIPIcs.ICALP.2016.105},
  year          = {2016},
  bdsk-url-1    = {http://dx.doi.org/10.4230/LIPIcs.ICALP.2016.105}
}

@article{DBLP:journals/corr/JacquemardSD16,
  author        = {Florent Jacquemard and Luc Segoufin and Jer{\'{e}}mie Dimino},
  bibsource     = {dblp computer science bibliography, http://dblp.org},
  biburl        = {http://dblp2.uni-trier.de/rec/bib/journals/corr/JacquemardSD16},
  date-added    = {2017-04-11 05:38:27 +0000},
  date-modified = {2017-04-11 05:38:27 +0000},
  doi           = {10.2168/LMCS-12(2:3)2016},
  journal       = {Logical Methods in Computer Science},
  number        = {2},
  timestamp     = {Tue, 03 May 2016 11:27:30 +0200},
  title         = {FO2({\textless}, +1, {\textasciitilde}) on data trees, data tree automata and branching vector addition systems},
  url           = {http://dx.doi.org/10.2168/LMCS-12(2:3)2016},
  volume        = {12},
  year          = {2016},
  bdsk-url-1    = {http://dx.doi.org/10.2168/LMCS-12(2:3)2016}
}

@article{DBLP:journals/jacm/BojanczykMSS09,
  author        = {Miko{\l}aj Boja{\'{n}}czyk and Anca Muscholl and Thomas Schwentick and Luc Segoufin},
  bibsource     = {dblp computer science bibliography, http://dblp.org},
  biburl        = {http://dblp2.uni-trier.de/rec/bib/journals/jacm/BojanczykMSS09},
  date-added    = {2017-04-11 05:37:50 +0000},
  date-modified = {2017-04-11 05:37:50 +0000},
  doi           = {10.1145/1516512.1516515},
  journal       = {J. {ACM}},
  number        = {3},
  pages         = {13:1--13:48},
  timestamp     = {Fri, 06 Jan 2017 11:28:53 +0100},
  title         = {Two-variable logic on data trees and {XML} reasoning},
  url           = {http://doi.acm.org/10.1145/1516512.1516515},
  volume        = {56},
  year          = {2009},
  bdsk-url-1    = {http://doi.acm.org/10.1145/1516512.1516515},
  bdsk-url-2    = {http://dx.doi.org/10.1145/1516512.1516515}
}

@article{DBLP:journals/corr/abs-1009-1076,
  author        = {J{\'{e}}r{\^{o}}me Leroux},
  bibsource     = {dblp computer science bibliography, http://dblp.org},
  biburl        = {http://dblp2.uni-trier.de/rec/bib/journals/corr/abs-1009-1076},
  date-added    = {2017-04-11 05:35:47 +0000},
  date-modified = {2017-04-11 05:35:47 +0000},
  doi           = {10.2168/LMCS-6(3:22)2010},
  journal       = {Logical Methods in Computer Science},
  number        = {3},
  timestamp     = {Mon, 06 Jun 2011 14:18:58 +0200},
  title         = {The General Vector Addition System Reachability Problem by Presburger Inductive Invariants},
  url           = {http://dx.doi.org/10.2168/LMCS-6(3:22)2010},
  volume        = {6},
  year          = {2010},
  bdsk-url-1    = {http://dx.doi.org/10.2168/LMCS-6(3:22)2010}
}

@inproceedings{DBLP:conf/stoc/Kosaraju82,
  author        = {S. Rao Kosaraju},
  bibsource     = {dblp computer science bibliography, http://dblp.org},
  biburl        = {http://dblp2.uni-trier.de/rec/bib/conf/stoc/Kosaraju82},
  booktitle     = {Proceedings of the 14th Annual {ACM} Symposium on Theory of Computing, May 5-7, 1982, San Francisco, California, {USA}},
  date-added    = {2017-04-11 05:35:02 +0000},
  date-modified = {2017-04-11 05:35:17 +0000},
  doi           = {10.1145/800070.802201},
  pages         = {267--281},
  timestamp     = {Mon, 15 Jun 2015 19:00:08 +0200},
  title         = {Decidability of Reachability in Vector Addition Systems (Preliminary Version)},
  url           = {http://doi.acm.org/10.1145/800070.802201},
  year          = {1982},
  bdsk-url-1    = {http://doi.acm.org/10.1145/800070.802201},
  bdsk-url-2    = {http://dx.doi.org/10.1145/800070.802201}
}

@article{DBLP:journals/siamcomp/Mayr84,
  author        = {Ernst W. Mayr},
  bibsource     = {dblp computer science bibliography, http://dblp.org},
  biburl        = {http://dblp.uni-trier.de/rec/bib/journals/siamcomp/Mayr84},
  date-added    = {2017-04-11 05:34:30 +0000},
  date-modified = {2017-04-11 05:34:30 +0000},
  doi           = {10.1137/0213029},
  journal       = {{SIAM} Journal on Computing},
  number        = {3},
  pages         = {441--460},
  timestamp     = {Tue, 01 Feb 2011 14:01:27 +0100},
  title         = {An Algorithm for the General Petri Net Reachability Problem},
  url           = {http://dx.doi.org/10.1137/0213029},
  volume        = {13},
  year          = {1984},
  bdsk-url-1    = {http://dx.doi.org/10.1137/0213029}
}

@article{DBLP:journals/tcs/BjorklundS10,
  author        = {Henrik Bj{\"{o}}rklund and Thomas Schwentick},
  bibsource     = {dblp computer science bibliography, http://dblp.org},
  biburl        = {http://dblp2.uni-trier.de/rec/bib/journals/tcs/BjorklundS10},
  date-added    = {2017-04-11 05:31:07 +0000},
  date-modified = {2017-04-11 05:31:07 +0000},
  doi           = {10.1016/j.tcs.2009.10.009},
  journal       = {Theoretical Computer Science},
  number        = {4-5},
  pages         = {702--715},
  timestamp     = {Tue, 12 Jan 2010 11:17:19 +0100},
  title         = {On notions of regularity for data languages},
  url           = {http://dx.doi.org/10.1016/j.tcs.2009.10.009},
  volume        = {411},
  year          = {2010},
  bdsk-url-1    = {http://dx.doi.org/10.1016/j.tcs.2009.10.009}
}

@article{DBLP:journals/tocl/BojanczykDMSS11,
  author        = {Miko{\l}aj Boja{\'{n}}czyk and Claire David and Anca Muscholl and Thomas Schwentick and Luc Segoufin},
  bibsource     = {dblp computer science bibliography, http://dblp.org},
  biburl        = {http://dblp.uni-trier.de/rec/bib/journals/tocl/BojanczykDMSS11},
  date-added    = {2017-04-11 05:25:15 +0000},
  date-modified = {2017-04-11 05:25:15 +0000},
  doi           = {10.1145/1970398.1970403},
  journal       = {{ACM} Transactions on Computational Logic},
  number        = {4},
  pages         = {27:1--27:26},
  timestamp     = {Mon, 09 Jan 2017 14:08:26 +0100},
  title         = {Two-variable logic on data words},
  url           = {http://doi.acm.org/10.1145/1970398.1970403},
  volume        = {12},
  year          = {2011},
  bdsk-url-1    = {http://doi.acm.org/10.1145/1970398.1970403},
  bdsk-url-2    = {http://dx.doi.org/10.1145/1970398.1970403}
}

@article{DBLP:journals/tocl/JurdzinskiL11,
  author        = {Marcin Jurdzi\'nski and Ranko Lazi\'c},
  bibsource     = {dblp computer science bibliography, http://dblp.org},
  biburl        = {http://dblp.uni-trier.de/rec/bib/journals/tocl/JurdzinskiL11},
  date-added    = {2017-04-11 05:20:44 +0000},
  date-modified = {2017-04-11 05:20:44 +0000},
  doi           = {10.1145/1929954.1929956},
  journal       = {{ACM} Transactions on Computational Logic},
  number        = {3},
  pages         = {19:1--19:21},
  timestamp     = {Mon, 09 Jan 2017 14:08:26 +0100},
  title         = {Alternating automata on data trees and XPath satisfiability},
  url           = {http://doi.acm.org/10.1145/1929954.1929956},
  volume        = {12},
  year          = {2011},
  bdsk-url-1    = {http://doi.acm.org/10.1145/1929954.1929956},
  bdsk-url-2    = {http://dx.doi.org/10.1145/1929954.1929956}
}

@article{DBLP:journals/mst/Bojanczyk13,
  author        = {Miko{\l}aj Boja{\'{n}}czyk},
  bibsource     = {dblp computer science bibliography, http://dblp.org},
  biburl        = {http://dblp2.uni-trier.de/rec/bib/journals/mst/Bojanczyk13},
  date-added    = {2017-04-10 16:06:22 +0000},
  date-modified = {2017-04-10 16:06:22 +0000},
  doi           = {10.1007/s00224-013-9464-1},
  journal       = {Theory of Computing Systems},
  number        = {2},
  pages         = {194--222},
  timestamp     = {Fri, 07 Jun 2013 20:43:25 +0200},
  title         = {Nominal Monoids},
  url           = {http://dx.doi.org/10.1007/s00224-013-9464-1},
  volume        = {53},
  year          = {2013},
  bdsk-url-1    = {http://dx.doi.org/10.1007/s00224-013-9464-1}
}

@article{DBLP:journals/corr/BojanczykKL14,
  author        = {Miko{\l}aj Boja{\'{n}}czyk and Bartek Klin and S{\l}awomir Lasota},
  bibsource     = {dblp computer science bibliography, http://dblp.org},
  biburl        = {http://dblp2.uni-trier.de/rec/bib/journals/corr/BojanczykKL14},
  date-added    = {2017-04-10 16:06:08 +0000},
  date-modified = {2017-04-10 16:06:08 +0000},
  doi           = {10.2168/LMCS-10(3:4)2014},
  journal       = {Logical Methods in Computer Science},
  number        = {3},
  timestamp     = {Mon, 15 Sep 2014 17:23:24 +0200},
  title         = {Automata theory in nominal sets},
  url           = {http://dx.doi.org/10.2168/LMCS-10(3:4)2014},
  volume        = {10},
  year          = {2014},
  bdsk-url-1    = {http://dx.doi.org/10.2168/LMCS-10(3:4)2014}
}

@article{DBLP:journals/tcs/FinkelS01,
  author        = {Alain Finkel and Philippe Schnoebelen},
  bibsource     = {dblp computer science bibliography, http://dblp.org},
  biburl        = {http://dblp.uni-trier.de/rec/bib/journals/tcs/FinkelS01},
  date-added    = {2017-04-10 16:02:26 +0000},
  date-modified = {2017-04-10 16:02:26 +0000},
  doi           = {10.1016/S0304-3975(00)00102-X},
  journal       = {Theoretical Computer Science},
  number        = {1-2},
  pages         = {63--92},
  timestamp     = {Tue, 12 May 2015 17:12:01 +0200},
  title         = {Well-structured transition systems everywhere!},
  url           = {http://dx.doi.org/10.1016/S0304-3975(00)00102-X},
  volume        = {256},
  year          = {2001},
  bdsk-url-1    = {http://dx.doi.org/10.1016/S0304-3975(00)00102-X}
}

@article{DBLP:journals/iandc/AbdullaCJT00,
  author        = {Parosh Aziz Abdulla and Karlis Cerans and Bengt Jonsson and Yih{-}Kuen Tsay},
  bibsource     = {dblp computer science bibliography, http://dblp.org},
  biburl        = {http://dblp.uni-trier.de/rec/bib/journals/iandc/AbdullaCJT00},
  date-added    = {2017-04-10 16:01:43 +0000},
  date-modified = {2017-04-10 16:01:43 +0000},
  doi           = {10.1006/inco.1999.2843},
  journal       = {Information and Computation},
  number        = {1-2},
  pages         = {109--127},
  timestamp     = {Wed, 06 Jul 2011 21:24:18 +0200},
  title         = {Algorithmic Analysis of Programs with Well Quasi-ordered Domains},
  url           = {http://dx.doi.org/10.1006/inco.1999.2843},
  volume        = {160},
  year          = {2000},
  bdsk-url-1    = {http://dx.doi.org/10.1006/inco.1999.2843}
}

@inproceedings{DBLP:conf/csl/Segoufin06,
  author        = {Luc Segoufin},
  bibsource     = {dblp computer science bibliography, http://dblp.org},
  biburl        = {http://dblp.uni-trier.de/rec/bib/conf/csl/Segoufin06},
  booktitle     = {Computer Science Logic, 20th International Workshop, {CSL} 2006, 15th Annual Conference of the EACSL, Szeged, Hungary, September 25-29, 2006, Proceedings},
  date-added    = {2017-04-10 16:00:19 +0000},
  date-modified = {2017-04-10 16:00:29 +0000},
  doi           = {10.1007/11874683_3},
  pages         = {41--57},
  timestamp     = {Mon, 20 Nov 2006 13:22:30 +0100},
  title         = {Automata and Logics for Words and Trees over an Infinite Alphabet},
  url           = {http://dx.doi.org/10.1007/11874683_3},
  year          = {2006},
  bdsk-url-1    = {http://dx.doi.org/10.1007/11874683_3}
}

@article{DBLP:journals/tocl/DemriL09,
  author        = {St{\'{e}}phane Demri and Ranko Lazi\'c},
  bibsource     = {dblp computer science bibliography, http://dblp.org},
  biburl        = {http://dblp.uni-trier.de/rec/bib/journals/tocl/DemriL09},
  date-added    = {2017-04-10 15:57:00 +0000},
  date-modified = {2017-04-10 15:57:00 +0000},
  doi           = {10.1145/1507244.1507246},
  journal       = {{ACM} Transactions on Computational Logic},
  number        = {3},
  pages         = {16:1--16:30},
  timestamp     = {Mon, 09 Jan 2017 14:08:26 +0100},
  title         = {{LTL} with the freeze quantifier and register automata},
  url           = {http://doi.acm.org/10.1145/1507244.1507246},
  volume        = {10},
  year          = {2009},
  bdsk-url-1    = {http://doi.acm.org/10.1145/1507244.1507246},
  bdsk-url-2    = {http://dx.doi.org/10.1145/1507244.1507246}
}


@phdthesis{wysocki,
  type     = {{Masters' Thesis}},
  title    = {{Automaty alternujace z rejestrami na sko\'nczonych s\l{}owach (Alternating Register Automata on Finite Words)}},
  language = {Polish},
  school   = {University of Warsaw},
  author   = {Wysocki, Tomasz},
  year     = {2013}
}




@article{DBLP:journals/tocl/NevenSV04,
  author     = {Frank Neven and Thomas Schwentick and Victor Vianu},
  bibsource  = {dblp computer science bibliography, http://dblp.org},
  biburl     = {http://dblp.uni-trier.de/rec/bib/journals/tocl/NevenSV04},
  doi        = {10.1145/1013560.1013562},
  journal    = {{ACM} Transactions on Computational Logic},
  number     = {3},
  pages      = {403--435},
  timestamp  = {Thu, 09 Feb 2006 13:51:22 +0100},
  title      = {Finite state machines for strings over infinite alphabets},
  url        = {http://doi.acm.org/10.1145/1013560.1013562},
  volume     = {5},
  year       = {2004},
  bdsk-url-1 = {http://doi.acm.org/10.1145/1013560.1013562},
  bdsk-url-2 = {http://dx.doi.org/10.1145/1013560.1013562}
}

@inproceedings{DBLP:conf/lics/BojanczykKLT13,
  author     = {Miko{\l}aj Boja{\'{n}}czyk and Bartek Klin and S{\l}awomir Lasota and Szymon Toru{\'{n}}czyk},
  bibsource  = {dblp computer science bibliography, http://dblp.org},
  biburl     = {http://dblp.uni-trier.de/rec/bib/conf/lics/BojanczykKLT13},
  booktitle  = {28th Annual {ACM/IEEE} Symposium on Logic in Computer Science, {LICS} 2013, New Orleans, LA, USA, June 25-28, 2013},
  doi        = {10.1109/LICS.2013.24},
  pages      = {183--192},
  timestamp  = {Wed, 27 May 2015 19:02:35 +0200},
  title      = {Turing Machines with Atoms},
  url        = {http://dx.doi.org/10.1109/LICS.2013.24},
  year       = {2013},
  bdsk-url-1 = {http://dx.doi.org/10.1109/LICS.2013.24}
}

@inproceedings{DBLP:conf/csl/KlinLOT14,
  author     = {Bartek Klin and S{\l}awomir Lasota and Joanna Ochremiak and Szymon Toru{\'{n}}czyk},
  bibsource  = {dblp computer science bibliography, http://dblp.org},
  biburl     = {http://dblp.uni-trier.de/rec/bib/conf/csl/KlinLOT14},
  booktitle  = {Joint Meeting of the Twenty-Third {EACSL} Annual Conference on Computer Science Logic {(CSL)} and the Twenty-Ninth Annual {ACM/IEEE} Symposium on Logic in Computer Science (LICS), {CSL-LICS} '14, Vienna, Austria, July 14--18, 2014},
  doi        = {10.1145/2603088.2603135},
  pages      = {58:1--58:10},
  timestamp  = {Thu, 23 Apr 2015 17:57:17 +0200},
  title      = {Turing machines with atoms, constraint satisfaction problems, and descriptive complexity},
  url        = {http://doi.acm.org/10.1145/2603088.2603135},
  year       = {2014},
  bdsk-url-1 = {http://doi.acm.org/10.1145/2603088.2603135},
  bdsk-url-2 = {http://dx.doi.org/10.1145/2603088.2603135}
}

@article{cl,
  author  = {G. Cherlin and A.H. Lachlan},
  journal = {Trans. AMS},
  number  = 2,
  pages   = {815-850},
  title   = {Stable finitely homogeneous structures},
  volume  = 296,
  year    = 1985
}

@article{DBLP:journals/corr/ColcombetLP14,
  author     = {Thomas Colcombet and Clemens Ley and Gabriele Puppis},
  bibsource  = {dblp computer science bibliography, http://dblp.org},
  biburl     = {http://dblp.uni-trier.de/rec/bib/journals/corr/ColcombetLP14},
  doi        = {10.2168/LMCS-11(3:10)2015},
  journal    = {Logical Methods in Computer Science},
  number     = {3},
  timestamp  = {Fri, 08 Jan 2016 11:09:20 +0100},
  title      = {Logics with rigidly guarded data tests},
  url        = {http://dx.doi.org/10.2168/LMCS-11(3:10)2015},
  volume     = {11},
  year       = {2015},
  bdsk-url-1 = {http://dx.doi.org/10.2168/LMCS-11(3:10)2015}
}

@inproceedings{DBLP:conf/fossacs/FerrariMP02,
  author     = {Gian Luigi Ferrari and Ugo Montanari and Marco Pistore},
  bibsource  = {dblp computer science bibliography, http://dblp.org},
  biburl     = {http://dblp.uni-trier.de/rec/bib/conf/fossacs/FerrariMP02},
  booktitle  = {Foundations of Software Science and Computation Structures, 5th International Conference, {FOSSACS} 2002. Held as Part of the Joint European Conferences on Theory and Practice of Software, {ETAPS} 2002 Grenoble, France, April 8-12, 2002, Proceedings},
  doi        = {10.1007/3-540-45931-6_10},
  pages      = {129--158},
  timestamp  = {Wed, 29 Jun 2011 15:49:35 +0200},
  title      = {Minimizing Transition Systems for Name Passing Calculi: {A} Co-algebraic Formulation},
  url        = {http://dx.doi.org/10.1007/3-540-45931-6_10},
  year       = {2002},
  bdsk-url-1 = {http://dx.doi.org/10.1007/3-540-45931-6_10}
}


@article{Schmerl1978,
  title    = {{A decidable $\aleph_0$-categorical theory with a non-recursive Ryll-Nardzewski function}},
  volume   = {98},
  issn     = {0016-2736, 1730-6329},
  doi      = {10.4064/fm-98-2-121-125},
  language = {pl},
  journal  = {Fundamenta Mathematicae},
  author   = {Schmerl, James},
  year     = {1978},
  pages    = {121--125},
  file     = {/Users/bojan/Zotero/storage/CP2QPKU8/Schmerl - 1978 - A decidable $\aleph_0$-categorical theory with a non-re.pdf;/Users/bojan/Zotero/storage/74EWDWDU/a-decidable-0-categorical-theory-with-a-non-recursive-ryll-nardzewski-function.html}
}


@book{jech1973axiom,
  author    = {Jech, T.J.},
  lccn      = {73075535},
  publisher = {North-Holland Publ.},
  series    = {Studies in Logic and the Foundations of Mathematics Series},
  title     = {The Axiom of Choice},
  year      = {1973}
}

@book{PittsAM:nomsns,
  author    = {Andrew M. Pitts},
  isbn      = {9781107017788},
  publisher = {Cambridge University Press},
  series    = {Cambridge Tracts in Theoretical Computer Science},
  title     = {Nominal Sets: Names and Symmetry in Computer Science},
  volume    = 57,
  year      = 2013
}

@book{DBLP:books/daglib/0076838,
  author    = {Herbert B. Enderton},
  bibsource = {DBLP, http://dblp.uni-trier.de},
  isbn      = {978-0-12-238450-9},
  pages     = {I-XIII, 1--295},
  publisher = {Academic Press},
  title     = {A mathematical introduction to logic},
  year      = {1972}
}

@article{DBLP:journals/combinatorica/CaiFI92,
  author    = {Jinyi Cai and Martin F{\"u}rer and Neil Immerman},
  bibsource = {DBLP, http://dblp.uni-trier.de},
  ee        = {http://dx.doi.org/10.1007/BF01305232},
  journal   = {Combinatorica},
  number    = {4},
  pages     = {389--410},
  title     = {An optimal lower bound on the number of variables for graph identifications},
  volume    = {12},
  year      = {1992}
}

@article{journals/combinatorica/Hrushovski92,
  added-at = {2011-05-20T00:00:00.000+0200},
  author   = {Hrushovski, Ehud},
  journal  = {Combinatorica},
  number   = 4,
  pages    = {411--416},
  title    = {Extending partial isomorphisms of graphs.},
  volume   = 12,
  year     = 1992
}

@article{MR0304242,
  author        = {Henson, C. Ward},
  date-added    = {2012-10-15 15:39:48 +0000},
  date-modified = {2012-10-15 15:39:48 +0000},
  issn          = {0030-8730},
  journal       = {Pacific Journal of Mathematics},
  mrclass       = {05C99},
  mrnumber      = {0304242 (46 \#3377)},
  mrreviewer    = {P. Erdos},
  pages         = {69--83},
  title         = {A family of countable homogeneous graphs},
  volume        = {38},
  year          = {1971}
}

@book{MR1808172,
  address       = {Amsterdam},
  author        = {Fra{\"{\i}}ss{\'e}, Roland},
  date-added    = {2012-10-15 15:37:08 +0000},
  date-modified = {2012-10-15 15:37:08 +0000},
  edition       = {Revised},
  isbn          = {0-444-50542-3},
  mrclass       = {03E20 (03-02 03C15 03E05 05-02 06A06 08A02)},
  mrnumber      = {1808172 (2002d:03084)},
  mrreviewer    = {P{\'e}ter Komj{\'a}th},
  note          = {With an appendix by Norbert Sauer},
  pages         = {ii+451},
  publisher     = {North-Holland Publishing Co.},
  series        = {Studies in Logic and the Foundations of Mathematics},
  title         = {Theory of relations},
  volume        = {145},
  year          = {2000}
}

@book{MR0424560,
  address       = {Berlin},
  author        = {Barwise, Jon},
  date-added    = {2012-10-15 15:09:05 +0000},
  date-modified = {2012-10-15 15:09:05 +0000},
  mrclass       = {02H99 (02F27 02B25)},
  mrnumber      = {0424560 (54 \#12519)},
  mrreviewer    = {Nigel J. Cutland},
  note          = {An approach to definability theory, Perspectives in Mathematical Logic},
  pages         = {xiii+394},
  publisher     = {Springer-Verlag},
  title         = {Admissible sets and structures},
  year          = {1975}
}

@book{barwise2,
  author        = {Jon Barwise},
  date-added    = {2012-10-15 15:07:31 +0000},
  date-modified = {2012-10-15 15:08:33 +0000},
  publisher     = {Springer-Verlag},
  series        = {Perspectives in mathematical logic},
  title         = {Admissible Sets and Structures},
  year          = {1975}
}

@book{BarwiseJ:hanml,
  booktitle     = {Handbook of Mathematical Logic},
  date-added    = {2012-10-15 14:56:15 +0000},
  date-modified = {2012-10-15 14:56:15 +0000},
  editor        = {Barwise, Jon},
  isbn          = {0 444 863888 5},
  lib_congress  = {QA9.H32 511'.3 76-26032},
  number        = 90,
  publisher     = {North-Holland},
  series        = {Studies in Logic and the Foundations of Mathematics},
  title         = {Handbook of Mathematical Logic},
  year          = 1977
}

@inproceedings{DBLP:conf/stacs/Bojanczyk11,
  author    = {Miko{\l}aj Boja{\'{n}}czyk},
  bibsource = {DBLP, http://dblp.uni-trier.de},
  booktitle = {STACS},
  ee        = {http://dx.doi.org/10.4230/LIPIcs.STACS.2011.105},
  pages     = {105--116},
  title     = {Data Monoids},
  year      = {2011}
}

@inproceedings{DBLP:conf/lics/BojanczykKL11,
  author    = {Miko{\l}aj Boja{\'{n}}czyk and Bartek Klin and S{\l}awomir Lasota},
  bibsource = {DBLP, http://dblp.uni-trier.de},
  booktitle = {LICS},
  ee        = {http://doi.ieeecomputersociety.org/10.1109/LICS.2011.48},
  pages     = {355--364},
  title     = {Automata with Group Actions},
  year      = {2011}
}

@article{DBLP:journals/tcs/KaminskiF94,
  author    = {Michael Kaminski and Nissim Francez},
  bibsource = {DBLP, http://dblp.uni-trier.de},
  ee        = {http://dx.doi.org/10.1016/0304-3975(94)90242-9},
  journal   = {Theoretical Computer Science},
  number    = {2},
  pages     = {329--363},
  title     = {Finite-Memory Automata},
  volume    = {134},
  year      = {1994}
}

@inproceedings{DBLP:conf/popl/BojanczykBKL12,
  author    = {Miko{\l}aj Boja{\'{n}}czyk and Laurent Braud and Bartek Klin and S{\l}awomir Lasota},
  bibsource = {DBLP, http://dblp.uni-trier.de},
  booktitle = {POPL},
  ee        = {http://doi.acm.org/10.1145/2103656.2103704},
  pages     = {401--412},
  title     = {Towards nominal computation},
  year      = {2012}
}

@article{DBLP:journals/fac/GabbayP02,
  author    = {Murdoch Gabbay and Andrew M. Pitts},
  bibsource = {DBLP, http://dblp.uni-trier.de},
  ee        = {http://dx.doi.org/10.1007/s001650200016},
  journal   = {Formal Aspects of Computing},
  number    = {3-5},
  pages     = {341--363},
  title     = {A New Approach to Abstract Syntax with Variable Binding},
  volume    = {13},
  year      = {2002}
}

@book{Jech1973-JECTAO-2,
  abstract  = {Provability, Computability and Reflection},
  author    = {Thomas Jech},
  publisher = {North-Holland},
  title     = {The Axiom of Choice},
  year      = {1973}
}
@article{andrews2014computing,
  title     = {Computing and dominating the Ryll-Nardzewski function},
  author    = {Andrews, Uri and Kach, Asher M},
  journal   = {Algebra and logic},
  volume    = {2},
  number    = {53},
  pages     = {176--183},
  year      = {2014},
  publisher = {Springer US}
}



@article{orbitFiniteVectorTheoretics,
  author  = {Miko{\l}aj Boja{\'n}czyk and Joanna Fijalkow and Bartek Klin and Joshua Moerman},
  journal = {{TheoretiCS}},
  month   = May,
  title   = {{Orbit-Finite-Dimensional Vector Spaces and Weighted Register Automata}},
  volume  = {{Volume 3}},
  year    = {2024}
}
